@book{f-ra,
 author = {Folland, Gerald B.},
 title = {Real analysis. {Modern} techniques and their applications.},
 edition = {2nd ed.},
 fseries = {Pure and Applied Mathematics. A Wiley-Interscience Series of Texts, Monographs and Tracts},
 series = {Pure Appl. Math., Wiley-Intersci. Ser. Texts Monogr. Tracts},
 isbn = {0-471-31716-0},
 year = {1999},
 publisher = {New York, NY: Wiley},
 language = {English},
 keywords = {28-01,28A25,28A78,46-01,42-01,60-01},
}

@book{mb-otm,
 author = {Magajna, Bojan},
 title = {Osnove teorije mere},
 fseries = {Podiplomski Seminar iz Matematike},
 series = {Podiplomski Semin. Mat.},
 volume = {27},
 isbn = {978-961-212-241-6},
 year = {2011},
 publisher = {Ljubljana: Drustvo Matematikov, Fizikov in Astronomov Slovenije (DMFA)},
 language = {Slovenian},
 keywords = {28-01,28Axx},
}

@online{pearse2014,
  author       = {Pearse, Erin},
  title        = {An Introduction to Dimension Theory and Fractal Geometry: Fractal Dimensions and Measures},
  year         = {2014},
  note         = {Ogled: 01.\ 07.\ 2025},
  url          = {https://pi.math.cornell.edu/~erin/docs/dimension.pdf}
}

@book{fk-fg,
 author = {Falconer, Kenneth},
 title = {Fractal geometry. {Mathematical} foundations and applications},
 edition = {2nd ed.},
 isbn = {0-470-84861-8; 0-470-84862-6},
 year = {2003},
 publisher = {Chichester: Wiley},
 language = {English},
 keywords = {28A80,28-02,28A78,37D45,37B99,37C70,54H20},
}

@online{matrika-fraktalna-dimenzija,
  author = {Vesna Iršič},
  title = {Fraktalna dimenzija},
  year = {2015},
  url = {https://matrika.fmf.uni-lj.si/letnik-2/stevilka-1/Fraktalna_dimenzija.html},
  note = {Ogled: 1. 7. 2025}
}

